%YAML 1.1
%TAG !u! tag:unity3d.com,2011:
--- !u!1 &7274545492841216604
GameObject:
  m_ObjectHideFlags: 0
  m_CorrespondingSourceObject: {fileID: 0}
  m_PrefabInstance: {fileID: 0}
  m_PrefabAsset: {fileID: 0}
  serializedVersion: 6
  m_Component:
  - component: {fileID: 7779018768028684999}
  - component: {fileID: 1337539112926394293}
  m_Layer: 10
  m_Name: BulletPool (4)
  m_TagString: Untagged
  m_Icon: {fileID: 0}
  m_NavMeshLayer: 0
  m_StaticEditorFlags: 0
  m_IsActive: 1
--- !u!4 &7779018768028684999
Transform:
  m_ObjectHideFlags: 0
  m_CorrespondingSourceObject: {fileID: 0}
  m_PrefabInstance: {fileID: 0}
  m_PrefabAsset: {fileID: 0}
  m_GameObject: {fileID: 7274545492841216604}
  m_LocalRotation: {x: -0, y: -0, z: -0, w: 1}
  m_LocalPosition: {x: -11.08, y: 15.696874, z: 0}
  m_LocalScale: {x: 1, y: 1, z: 1}
  m_Children: []
  m_Father: {fileID: 5628052842471292677}
  m_RootOrder: 0
  m_LocalEulerAnglesHint: {x: 0, y: 0, z: 0}
--- !u!114 &1337539112926394293
MonoBehaviour:
  m_ObjectHideFlags: 0
  m_CorrespondingSourceObject: {fileID: 0}
  m_PrefabInstance: {fileID: 0}
  m_PrefabAsset: {fileID: 0}
  m_GameObject: {fileID: 7274545492841216604}
  m_Enabled: 1
  m_EditorHideFlags: 0
  m_Script: {fileID: 11500000, guid: 6a43d2aaf4ecee64b8980edcdc9df28c, type: 3}
  m_Name: 
  m_EditorClassIdentifier: 
  m_PoolObject: {fileID: 4299617715533223617, guid: 562379937f2bf584d874c69a5b08b558,
    type: 3}
  m_PoolSize: 20
--- !u!1 &7836456839148215598
GameObject:
  m_ObjectHideFlags: 0
  m_CorrespondingSourceObject: {fileID: 0}
  m_PrefabInstance: {fileID: 0}
  m_PrefabAsset: {fileID: 0}
  serializedVersion: 6
  m_Component:
  - component: {fileID: 5628052842471292677}
  - component: {fileID: 4464823215456297714}
  - component: {fileID: 1608748502322049317}
  - component: {fileID: 1789067444140016876}
  - component: {fileID: 686627306874168837}
  - component: {fileID: 8521405715513475893}
  - component: {fileID: 9061552145552660213}
  m_Layer: 10
  m_Name: Enemy6_Rechts
  m_TagString: Enemy
  m_Icon: {fileID: 0}
  m_NavMeshLayer: 0
  m_StaticEditorFlags: 0
  m_IsActive: 1
--- !u!4 &5628052842471292677
Transform:
  m_ObjectHideFlags: 0
  m_CorrespondingSourceObject: {fileID: 0}
  m_PrefabInstance: {fileID: 0}
  m_PrefabAsset: {fileID: 0}
  m_GameObject: {fileID: 7836456839148215598}
  m_LocalRotation: {x: 0, y: 0, z: 0, w: 1}
  m_LocalPosition: {x: 5.65, y: -7.12, z: 0.36406177}
  m_LocalScale: {x: 2, y: 2, z: 2}
  m_Children:
  - {fileID: 7779018768028684999}
  m_Father: {fileID: 0}
  m_RootOrder: 0
  m_LocalEulerAnglesHint: {x: 0, y: 0, z: 0}
--- !u!212 &4464823215456297714
SpriteRenderer:
  m_ObjectHideFlags: 0
  m_CorrespondingSourceObject: {fileID: 0}
  m_PrefabInstance: {fileID: 0}
  m_PrefabAsset: {fileID: 0}
  m_GameObject: {fileID: 7836456839148215598}
  m_Enabled: 1
  m_CastShadows: 0
  m_ReceiveShadows: 0
  m_DynamicOccludee: 1
  m_MotionVectors: 1
  m_LightProbeUsage: 1
  m_ReflectionProbeUsage: 1
  m_RenderingLayerMask: 1
  m_RendererPriority: 0
  m_Materials:
  - {fileID: 10754, guid: 0000000000000000f000000000000000, type: 0}
  m_StaticBatchInfo:
    firstSubMesh: 0
    subMeshCount: 0
  m_StaticBatchRoot: {fileID: 0}
  m_ProbeAnchor: {fileID: 0}
  m_LightProbeVolumeOverride: {fileID: 0}
  m_ScaleInLightmap: 1
  m_PreserveUVs: 0
  m_IgnoreNormalsForChartDetection: 0
  m_ImportantGI: 0
  m_StitchLightmapSeams: 0
  m_SelectedEditorRenderState: 0
  m_MinimumChartSize: 4
  m_AutoUVMaxDistance: 0.5
  m_AutoUVMaxAngle: 89
  m_LightmapParameters: {fileID: 0}
  m_SortingLayerID: 0
  m_SortingLayer: 0
  m_SortingOrder: 1
  m_Sprite: {fileID: 21300000, guid: 3400ed6241c434441af4c6492ef5d961, type: 3}
  m_Color: {r: 1, g: 1, b: 1, a: 1}
  m_FlipX: 0
  m_FlipY: 0
  m_DrawMode: 0
  m_Size: {x: 0.2, y: 0.2}
  m_AdaptiveModeThreshold: 0.5
  m_SpriteTileMode: 0
  m_WasSpriteAssigned: 1
  m_MaskInteraction: 0
  m_SpriteSortPoint: 0
--- !u!114 &1608748502322049317
MonoBehaviour:
  m_ObjectHideFlags: 0
  m_CorrespondingSourceObject: {fileID: 0}
  m_PrefabInstance: {fileID: 0}
  m_PrefabAsset: {fileID: 0}
  m_GameObject: {fileID: 7836456839148215598}
  m_Enabled: 1
  m_EditorHideFlags: 0
  m_Script: {fileID: 11500000, guid: 776a5d5340e6c1442b31e2c0a5694cbf, type: 3}
  m_Name: 
  m_EditorClassIdentifier: 
  m_WayPointPrefab: {fileID: 8459036546949623224, guid: acaf00674983829409f365b1697a9f47,
    type: 3}
  m_MaxDist: 0.1
  m_Speed: 5
  m_EnemyPool: {fileID: 1789067444140016876}
--- !u!114 &1789067444140016876
MonoBehaviour:
  m_ObjectHideFlags: 0
  m_CorrespondingSourceObject: {fileID: 0}
  m_PrefabInstance: {fileID: 0}
  m_PrefabAsset: {fileID: 0}
  m_GameObject: {fileID: 7836456839148215598}
  m_Enabled: 1
  m_EditorHideFlags: 0
  m_Script: {fileID: 11500000, guid: adc7736cff71da44db94de58f02f5023, type: 3}
  m_Name: 
  m_EditorClassIdentifier: 
  m_Damage: 1
  m_MaxHealthMultiplier: 2
  m_DeathObject: {fileID: 1208171435269492436, guid: 09c9a13dd78cb16448afbc7a72329362,
    type: 3}
--- !u!114 &686627306874168837
MonoBehaviour:
  m_ObjectHideFlags: 0
  m_CorrespondingSourceObject: {fileID: 0}
  m_PrefabInstance: {fileID: 0}
  m_PrefabAsset: {fileID: 0}
  m_GameObject: {fileID: 7836456839148215598}
  m_Enabled: 1
  m_EditorHideFlags: 0
  m_Script: {fileID: 11500000, guid: 8d43965bd0d3f49418ea23bb209a3912, type: 3}
  m_Name: 
  m_EditorClassIdentifier: 
  m_Sprites:
  - {fileID: 21300000, guid: 3400ed6241c434441af4c6492ef5d961, type: 3}
  - {fileID: 21300002, guid: 3400ed6241c434441af4c6492ef5d961, type: 3}
  - {fileID: 21300004, guid: 3400ed6241c434441af4c6492ef5d961, type: 3}
  - {fileID: 21300006, guid: 3400ed6241c434441af4c6492ef5d961, type: 3}
  m_MaxTime: 0.2
--- !u!114 &8521405715513475893
MonoBehaviour:
  m_ObjectHideFlags: 0
  m_CorrespondingSourceObject: {fileID: 0}
  m_PrefabInstance: {fileID: 0}
  m_PrefabAsset: {fileID: 0}
  m_GameObject: {fileID: 7836456839148215598}
  m_Enabled: 1
  m_EditorHideFlags: 0
  m_Script: {fileID: 11500000, guid: 13df8c768309cc745b573624a7559651, type: 3}
  m_Name: 
  m_EditorClassIdentifier: 
  m_BulletPool: {fileID: 1337539112926394293}
  m_MaxFireRate: 2
--- !u!65 &9061552145552660213
BoxCollider:
  m_ObjectHideFlags: 0
  m_CorrespondingSourceObject: {fileID: 0}
  m_PrefabInstance: {fileID: 0}
  m_PrefabAsset: {fileID: 0}
  m_GameObject: {fileID: 7836456839148215598}
  m_Material: {fileID: 0}
  m_IsTrigger: 0
  m_Enabled: 1
  serializedVersion: 2
  m_Size: {x: 0.56, y: 0.56, z: 0.2}
  m_Center: {x: 0, y: 0, z: 0}
