%YAML 1.1
%TAG !u! tag:unity3d.com,2011:
--- !u!1 &932427306714518459
GameObject:
  m_ObjectHideFlags: 0
  m_CorrespondingSourceObject: {fileID: 0}
  m_PrefabInstance: {fileID: 0}
  m_PrefabAsset: {fileID: 0}
  serializedVersion: 6
  m_Component:
  - component: {fileID: 4709959569937129783}
  - component: {fileID: 1794716780390840921}
  m_Layer: 10
  m_Name: BulletPool (5)
  m_TagString: Untagged
  m_Icon: {fileID: 0}
  m_NavMeshLayer: 0
  m_StaticEditorFlags: 0
  m_IsActive: 1
--- !u!4 &4709959569937129783
Transform:
  m_ObjectHideFlags: 0
  m_CorrespondingSourceObject: {fileID: 0}
  m_PrefabInstance: {fileID: 0}
  m_PrefabAsset: {fileID: 0}
  m_GameObject: {fileID: 932427306714518459}
  m_LocalRotation: {x: -0, y: -0, z: -0, w: 1}
  m_LocalPosition: {x: -13.29, y: 8.476873, z: 0}
  m_LocalScale: {x: 1, y: 1, z: 1}
  m_Children: []
  m_Father: {fileID: 3933935436105820570}
  m_RootOrder: 0
  m_LocalEulerAnglesHint: {x: 0, y: 0, z: 0}
--- !u!114 &1794716780390840921
MonoBehaviour:
  m_ObjectHideFlags: 0
  m_CorrespondingSourceObject: {fileID: 0}
  m_PrefabInstance: {fileID: 0}
  m_PrefabAsset: {fileID: 0}
  m_GameObject: {fileID: 932427306714518459}
  m_Enabled: 1
  m_EditorHideFlags: 0
  m_Script: {fileID: 11500000, guid: 6a43d2aaf4ecee64b8980edcdc9df28c, type: 3}
  m_Name: 
  m_EditorClassIdentifier: 
  m_PoolObject: {fileID: 4299617715533223617, guid: 562379937f2bf584d874c69a5b08b558,
    type: 3}
  m_PoolSize: 20
--- !u!1 &2513464895566714824
GameObject:
  m_ObjectHideFlags: 0
  m_CorrespondingSourceObject: {fileID: 0}
  m_PrefabInstance: {fileID: 0}
  m_PrefabAsset: {fileID: 0}
  serializedVersion: 6
  m_Component:
  - component: {fileID: 3933935436105820570}
  - component: {fileID: 62824725255909445}
  - component: {fileID: 4663926599731043708}
  - component: {fileID: 5274903130699644025}
  - component: {fileID: 1763391988994871782}
  - component: {fileID: 2374866683048124491}
  - component: {fileID: 7494915995256402263}
  m_Layer: 10
  m_Name: Enemy7_Midden
  m_TagString: Enemy
  m_Icon: {fileID: 0}
  m_NavMeshLayer: 0
  m_StaticEditorFlags: 0
  m_IsActive: 1
--- !u!4 &3933935436105820570
Transform:
  m_ObjectHideFlags: 0
  m_CorrespondingSourceObject: {fileID: 0}
  m_PrefabInstance: {fileID: 0}
  m_PrefabAsset: {fileID: 0}
  m_GameObject: {fileID: 2513464895566714824}
  m_LocalRotation: {x: 0, y: 0, z: 0, w: 1}
  m_LocalPosition: {x: 7.86, y: 0.1, z: 0.36406177}
  m_LocalScale: {x: 2, y: 2, z: 2}
  m_Children:
  - {fileID: 4709959569937129783}
  m_Father: {fileID: 0}
  m_RootOrder: 0
  m_LocalEulerAnglesHint: {x: 0, y: 0, z: 0}
--- !u!212 &62824725255909445
SpriteRenderer:
  m_ObjectHideFlags: 0
  m_CorrespondingSourceObject: {fileID: 0}
  m_PrefabInstance: {fileID: 0}
  m_PrefabAsset: {fileID: 0}
  m_GameObject: {fileID: 2513464895566714824}
  m_Enabled: 1
  m_CastShadows: 0
  m_ReceiveShadows: 0
  m_DynamicOccludee: 1
  m_MotionVectors: 1
  m_LightProbeUsage: 1
  m_ReflectionProbeUsage: 1
  m_RenderingLayerMask: 1
  m_RendererPriority: 0
  m_Materials:
  - {fileID: 10754, guid: 0000000000000000f000000000000000, type: 0}
  m_StaticBatchInfo:
    firstSubMesh: 0
    subMeshCount: 0
  m_StaticBatchRoot: {fileID: 0}
  m_ProbeAnchor: {fileID: 0}
  m_LightProbeVolumeOverride: {fileID: 0}
  m_ScaleInLightmap: 1
  m_PreserveUVs: 0
  m_IgnoreNormalsForChartDetection: 0
  m_ImportantGI: 0
  m_StitchLightmapSeams: 0
  m_SelectedEditorRenderState: 0
  m_MinimumChartSize: 4
  m_AutoUVMaxDistance: 0.5
  m_AutoUVMaxAngle: 89
  m_LightmapParameters: {fileID: 0}
  m_SortingLayerID: 0
  m_SortingLayer: 0
  m_SortingOrder: 1
  m_Sprite: {fileID: 21300000, guid: 7a5b62d52bc552f47bb1edadc598e528, type: 3}
  m_Color: {r: 1, g: 1, b: 1, a: 1}
  m_FlipX: 0
  m_FlipY: 0
  m_DrawMode: 0
  m_Size: {x: 0.2, y: 0.2}
  m_AdaptiveModeThreshold: 0.5
  m_SpriteTileMode: 0
  m_WasSpriteAssigned: 1
  m_MaskInteraction: 0
  m_SpriteSortPoint: 0
--- !u!114 &4663926599731043708
MonoBehaviour:
  m_ObjectHideFlags: 0
  m_CorrespondingSourceObject: {fileID: 0}
  m_PrefabInstance: {fileID: 0}
  m_PrefabAsset: {fileID: 0}
  m_GameObject: {fileID: 2513464895566714824}
  m_Enabled: 1
  m_EditorHideFlags: 0
  m_Script: {fileID: 11500000, guid: 776a5d5340e6c1442b31e2c0a5694cbf, type: 3}
  m_Name: 
  m_EditorClassIdentifier: 
  m_WayPointPrefab: {fileID: 1344612890288510819, guid: 420adab3bb37b444b8e3992b6d94876f,
    type: 3}
  m_MaxDist: 0.1
  m_Speed: 5
  m_EnemyPool: {fileID: 5274903130699644025}
--- !u!114 &5274903130699644025
MonoBehaviour:
  m_ObjectHideFlags: 0
  m_CorrespondingSourceObject: {fileID: 0}
  m_PrefabInstance: {fileID: 0}
  m_PrefabAsset: {fileID: 0}
  m_GameObject: {fileID: 2513464895566714824}
  m_Enabled: 1
  m_EditorHideFlags: 0
  m_Script: {fileID: 11500000, guid: adc7736cff71da44db94de58f02f5023, type: 3}
  m_Name: 
  m_EditorClassIdentifier: 
  m_Damage: 1
  m_MaxHealthMultiplier: 2
  m_DeathObject: {fileID: 1208171435269492436, guid: 09c9a13dd78cb16448afbc7a72329362,
    type: 3}
--- !u!114 &1763391988994871782
MonoBehaviour:
  m_ObjectHideFlags: 0
  m_CorrespondingSourceObject: {fileID: 0}
  m_PrefabInstance: {fileID: 0}
  m_PrefabAsset: {fileID: 0}
  m_GameObject: {fileID: 2513464895566714824}
  m_Enabled: 1
  m_EditorHideFlags: 0
  m_Script: {fileID: 11500000, guid: 8d43965bd0d3f49418ea23bb209a3912, type: 3}
  m_Name: 
  m_EditorClassIdentifier: 
  m_Sprites:
  - {fileID: 21300000, guid: 7a5b62d52bc552f47bb1edadc598e528, type: 3}
  - {fileID: 21300002, guid: 7a5b62d52bc552f47bb1edadc598e528, type: 3}
  - {fileID: 21300004, guid: 7a5b62d52bc552f47bb1edadc598e528, type: 3}
  - {fileID: 21300006, guid: 7a5b62d52bc552f47bb1edadc598e528, type: 3}
  m_MaxTime: 0.2
--- !u!114 &2374866683048124491
MonoBehaviour:
  m_ObjectHideFlags: 0
  m_CorrespondingSourceObject: {fileID: 0}
  m_PrefabInstance: {fileID: 0}
  m_PrefabAsset: {fileID: 0}
  m_GameObject: {fileID: 2513464895566714824}
  m_Enabled: 1
  m_EditorHideFlags: 0
  m_Script: {fileID: 11500000, guid: 13df8c768309cc745b573624a7559651, type: 3}
  m_Name: 
  m_EditorClassIdentifier: 
  m_BulletPool: {fileID: 1794716780390840921}
  m_MaxFireRate: 2
--- !u!65 &7494915995256402263
BoxCollider:
  m_ObjectHideFlags: 0
  m_CorrespondingSourceObject: {fileID: 0}
  m_PrefabInstance: {fileID: 0}
  m_PrefabAsset: {fileID: 0}
  m_GameObject: {fileID: 2513464895566714824}
  m_Material: {fileID: 0}
  m_IsTrigger: 0
  m_Enabled: 1
  serializedVersion: 2
  m_Size: {x: 0.48, y: 0.58, z: 0.2}
  m_Center: {x: 0, y: 0, z: 0}
